@misc{csis25,
  author    = {{Lewis Commission}},
  publisher = {Center for Strategic and International Studies},
  title     = {Faster into the Cloud: Accelerating Federal Use of Cloud Services for Security and Efficiency},
  url       = {https://web.archive.org/web/20250116234900/https://csis-website-prod.s3.amazonaws.com/s3fs-public/2025-01/250115_Lewis_Cloud_Commission.pdf},
  urldate   = {2025-05-18},
  year      = {2025}
}

@misc{fedramp_auth_playbook25,
  author  = {FedRAMP},
  title   = {FedRAMP CSP Authorization Playbook},
  url     = {https://web.archive.org/web/20250413105351/https://www.fedramp.gov/assets/resources/documents/CSP_Authorization_Playbook.pdf},
  urldate = {2025-05-18},
  date    = {2025-01-17},
  year    = {2025}
}

@misc{gartner24,
  author  = {Gartner},
  url     = {https://web.archive.org/web/20250415023404/https://www.gartner.com/en/newsroom/press-releases/2024-11-19-gartner-forecasts-worldwide-public-cloud-end-user-spending-to-total-723-billion-dollars-in-2025},
  title   = {Gartner Forecasts Worldwide Public Cloud End-User Spending to Total \$723 Billion in 2025},
  urldate = {2025-05-18},
  date    = {2024-11-19},
  year    = {2024}
}

@misc{stackarmor24,
  author  = {stackArmor},
  title   = {How Much Does FedRAMP Compliance Cost?},
  url     = {https://web.archive.org/web/20240808151743/https://stackarmor.com/how-much-does-fedramp-compliance-cost/},
  urldate = {2025-05-18},
  date    = {2024-05-21},
  year    = {2024}
}